<record><leader>00000cas a22000007a 4500</leader><controlfield tag="001">12489012</controlfield><controlfield tag="008">850904d18891893inuwr ne      0    0eng d</controlfield><datafield ind1=" " ind2=" " tag="010"><subfield code="a">sn 85048025 </subfield></datafield><datafield ind1=" " ind2=" " tag="040"><subfield code="a">NPI</subfield><subfield code="b">eng</subfield><subfield code="c">NPI</subfield><subfield code="d">OCLCQ</subfield></datafield><datafield ind1=" " ind2=" " tag="042"><subfield code="a">msc</subfield></datafield><datafield ind1="0" ind2=" " tag="130"><subfield code="a">Madison weekly Democrat (Madison, Ind. : 1889)</subfield></datafield><datafield ind1="1" ind2="0" tag="245"><subfield code="a">Madison weekly Democrat.</subfield></datafield><datafield ind1=" " ind2=" " tag="260"><subfield code="a">Madison, Ind. :</subfield><subfield code="b">Democrat Co.</subfield></datafield><datafield ind1=" " ind2=" " tag="300"><subfield code="a">v. :</subfield><subfield code="b">ill. ;</subfield><subfield code="c">53 cm.</subfield></datafield><datafield ind1="1" ind2=" " tag="362"><subfield code="a">Began with Sept. 7, 1889 issue.</subfield></datafield><datafield ind1="0" ind2=" " tag="362"><subfield code="a">-[v. 6, no. 48] (Aug. 10, 1893).</subfield></datafield><datafield ind1=" " ind2=" " tag="515"><subfield code="a">Many weeks have no volume or issue numbers; many issues of Vol. 5 are labeled Vol. 4.</subfield></datafield><datafield ind1=" " ind2=" " tag="580"><subfield code="a">Published also in a daily edition: Madison daily Democrat.</subfield></datafield><datafield ind1=" " ind2=" " tag="588"><subfield code="a">Description based on: Vol. 3, no. 10 (Nov. 12, 1891).</subfield></datafield><datafield ind1=" " ind2=" " tag="752"><subfield code="a">United States</subfield><subfield code="b">Indiana</subfield><subfield code="c">Jefferson</subfield><subfield code="d">Madison.</subfield></datafield><datafield ind1="1" ind2=" " tag="775"><subfield code="t">Madison daily Democrat (Madison, Ind.)</subfield><subfield code="w">(DLC)sn 85048026</subfield></datafield><datafield ind1="0" ind2="0" tag="785"><subfield code="t">Madison twice-a-week Democrat</subfield><subfield code="w">(DLC)sn 85048027</subfield></datafield><datafield ind1="1" ind2=" " tag="029"><subfield code="a">AU@</subfield><subfield code="b">000025840263</subfield></datafield></record>